<?xml version="1.0" encoding="UTF-8" ?>
<record Numero="13909590" format="InterXMarc_Complet" type="Authority">
<leader>00642c0 au22000272  45  <Pos Code="0004">00642</Pos>
<Pos Code="05" Sens="notice modifiée">c</Pos>
<Pos Code="06" Sens="notice validée par les services d&apos;autorité">0</Pos>
<Pos Code="08" Sens="notice d&apos;autorité">a</Pos>
<Pos Code="09" Sens="titre uniforme musical (TUM)">u</Pos>
<Pos Code="10">2</Pos>
<Pos Code="11">2</Pos>
<Pos Code="1216">00027</Pos>
<Pos Code="17" Sens="autres cas">2</Pos>
<Pos Code="20">4</Pos>
<Pos Code="21">5</Pos>
</leader>
<controlfield tag="001">FRBNF139095907<Pos Code="0001">FR</Pos>
<Pos Code="0204">BNF</Pos>
<Pos Code="0512">13909590</Pos>
<Pos Code="13">7</Pos>
</controlfield>
<controlfield tag="008">890821070613yyger ct        1723                             1   <Pos Code="0001">89</Pos>
<Pos Code="0203">08</Pos>
<Pos Code="0405">21</Pos>
<Pos Code="0607">07</Pos>
<Pos Code="0809">06</Pos>
<Pos Code="1011">13</Pos>
<Pos Code="1213" Sens="ne s&apos;applique pas">yy</Pos>
<Pos Code="1416" Sens="allemand">ger</Pos>
<Pos Code="1820">ct </Pos>
<Pos Code="2831">1723</Pos>
<Pos Code="61" Sens="La vedette peut être liée à une notice bibliographique sauf pour l&apos;accès matière RAMEAU">1</Pos>
</controlfield>
<datafield tag="048" ind1=" " ind2=" ">
	<subfield code="b">vc01<Pos Code="0001" Sens="voix - alto">vc</Pos>
<Pos Code="02">0</Pos>
<Pos Code="03">1</Pos>
</subfield>
	<subfield code="b">vd01<Pos Code="0001" Sens="voix - ténor">vd</Pos>
<Pos Code="02">0</Pos>
<Pos Code="03">1</Pos>
</subfield>
	<subfield code="b">vf01<Pos Code="0001" Sens="voix - basse">vf</Pos>
<Pos Code="02">0</Pos>
<Pos Code="03">1</Pos>
</subfield>
	<subfield code="a">ca01<Pos Code="0001" Sens="choeurs - mixte (4 voix SATB)">ca</Pos>
<Pos Code="02">0</Pos>
<Pos Code="03">1</Pos>
</subfield>
	<subfield code="a">oh01<Pos Code="0001" Sens="orchestre - orchestre XVIIe-XVIIIe s.">oh</Pos>
<Pos Code="02">0</Pos>
<Pos Code="03">1</Pos>
</subfield>
</datafield>
<datafield tag="100" ind1=" " ind2=" ">
	<subfield code="3">11889790</subfield>
	<subfield code="w"> 0  b.....</subfield>
	<subfield code="a">Bach</subfield>
	<subfield code="m">Johann Sebastian</subfield>
	<subfield code="d">1685-1750</subfield>
</datafield>
<datafield tag="144" ind1="1" ind2=" ">
	<subfield code="w">....b.ger.</subfield>
	<subfield code="a">Darzu ist erschienen der Sohn Gottes</subfield>
	<subfield code="k">BWV 40</subfield>
</datafield>
<datafield tag="302" ind1=" " ind2=" ">
	<subfield code="3">14807653</subfield>
	<subfield code="a">Bach</subfield>
	<subfield code="m">Johann Sebastian</subfield>
	<subfield code="d">1685-1750</subfield>
	<subfield code="t">[Darzu ist erschienen der Sohn Gottes. BWV 40. No 4. Höllische Schlange, wird dir nicht bange]</subfield>
</datafield>
<datafield tag="444" ind1="1" ind2=" ">
	<subfield code="w">....b.fre.</subfield>
	<subfield code="a">Cantates</subfield>
	<subfield code="n">No 40</subfield>
</datafield>
<datafield tag="600" ind1=" " ind2=" ">
	<subfield code="a">Cantate pour le lendemain de Noël</subfield>
	<subfield code="a">1re exécution : Leipzig, 26 décembre 1723</subfield>
</datafield>
<datafield tag="610" ind1=" " ind2=" ">
	<subfield code="a">Schmieder</subfield>
</datafield>
<datafield tag="917" ind1=" " ind2=" ">
	<subfield code="o">OPC</subfield>
	<subfield code="a">100381810</subfield>
</datafield>
<datafield tag="917" ind1=" " ind2=" ">
	<subfield code="o">OPD</subfield>
	<subfield code="a">100755950</subfield>
	<subfield code="b">ATUM</subfield>
</datafield>
<datafield tag="996" ind1=" " ind2=" ">
	<subfield code="o">OPP</subfield>
	<subfield code="a">14845821</subfield>
	<subfield code="d">20060616</subfield>
</datafield>
<Alter Ori="11889790">
<datafield tag="400" ind1=" " ind2=" ">
	<subfield code="w">. . b.....</subfield>
	<subfield code="a">Bach</subfield>
	<subfield code="m">Jean Sébastien</subfield>
	<subfield code="d">1685-1750</subfield>
</datafield>
</Alter>
<Attr Nom="IDPerenne">ark:/12148/cb13909590g</Attr>
<Attr Nom="NumSource">OPC 100381810</Attr>
<Attr Nom="Source" Sens="BnF catalogue général (depuis 1999)">A</Attr>
<Attr Nom="NumAutoriteLiee">1188979014807653</Attr>
<Attr Nom="DateCreation">21/08/ 1989</Attr>
<Attr Nom="ResponsableCreation">MIGV2</Attr>
<Attr Nom="StructCreation">1</Attr>
<Attr Nom="DateDerniereValidation">08/11/ 2010</Attr>
<Attr Nom="ResponsableDerniereValidation">MIGV4</Attr>
<Attr Nom="StructPremiereValidation">1</Attr>
<Attr Nom="DatePremiereValidation">21/08/ 1989</Attr>
<Attr Nom="ResponsablePremiereValidation">MIGV2</Attr>
<Attr Nom="StructDerniereValidation">1</Attr>
<Attr Nom="NumSource" Rep="1">OPD 100755950</Attr>
<Attr Nom="NumSource" Rep="2">OPP 14845821</Attr>
</record>
